@misc{jbrownlee,
  author    = {J. Brownlee},
  title     = {Multi-Label Classification with Deep Learning},
  year      = {2020},
  url       = {https://machinelearningmastery.com/multi-label-classification-with-deep-learning/}
}

@misc{fchollet,
  author    = {F. Chollet},
  title     = {Probabilistic losses. Keras},
  url       = {https://keras.io/api/losses/probabilistic_losses/}
}

@misc{mobilenet,
  author   = {},
  title    = {Image Recognition with Mobilenet},
  year     = {2021},
  url      = {https://www.geeksforgeeks.org/image-recognition-with-mobilenet/}
}

@misc{svm,
  author   = {},
  title    = {Image classification using Support Vector Machine (SVM) in Python},
  year     = {2024},
  url      = {https://www.geeksforgeeks.org/image-classification-using-support-vector-machine-svm-in-python/}
}

@misc{tensorflow,
  author   = {},
  title    = {MobileNet Image Classification with TensorFlowâ€™s Keras API. (n.d.)},
  year     = {2022},
  url      = {https://deeplizard.com/learn/video/OO4HD-1wRN8}
}

@misc{athakur,
  author   = {A. Thakur},
  title    = {Sigmoid-MSE vs. Softmax Cross-Entropy},
  url      = { https://wandb.ai/ayush-thakur/dl-question-bank/reports/Sigmoid-MSE-vs-Softmax-Cross-Entropy--VmlldzoyMDA3ODQ}
}

@misc{chestx-ray,
  author   = {Wang, X. and Peng, Y. and Lu, L. and Lu, Z. and Bagheri, M. and Summers, R. M.},
  title    = {ChestX-ray8: Hospital-scale Chest X-ray Database and Benchmarks on Weakly-Supervised Classification and Localization of Common Thorax Diseases. Proceedings of the 2017 IEEE Conference on Computer Vision and Pattern Recognition (CVPR), 3462-3471},
  year     = {2017}
}

@misc{cnn,
  author   = {},
  title    = {What are convolutional neural networks?},
  url      = {https://www.ibm.com/think/topics/convolutional-neural-networks}
}
